<?xml version="1.0" encoding="UTF-8"?><record xmlns="http://www.loc.gov/MARC21/slim" xmlns:cinclude="http://apache.org/cocoon/include/1.0" xmlns:zs="http://www.loc.gov/zing/srw/">
  <leader>00791cz  a2200169n  4500</leader>
  <controlfield tag="001">n 2011180944</controlfield>
  <controlfield tag="003">DLC</controlfield>
  <controlfield tag="005">20130722073642.0</controlfield>
  <controlfield tag="008">110314n| azannaabn          |a ana      </controlfield>
  <datafield tag="010" ind1=" " ind2=" ">
    <subfield code="a">n 2011180944</subfield>
  </datafield>
  <datafield tag="035" ind1=" " ind2=" ">
    <subfield code="a">(OCoLC)oca08796898</subfield>
  </datafield>
  <datafield tag="040" ind1=" " ind2=" ">
    <subfield code="a">DNLM</subfield>
    <subfield code="b">eng</subfield>
    <subfield code="e">rda</subfield>
    <subfield code="c">DNLM</subfield>
    <subfield code="d">DNLM</subfield>
  </datafield>
  <datafield tag="110" ind1="2" ind2=" ">
    <subfield code="a">Center for the History of Psychology</subfield>
  </datafield>
  <datafield tag="410" ind1="2" ind2=" ">
    <subfield code="a">University of Akron.</subfield>
    <subfield code="b">Center for the History of Psychology</subfield>
  </datafield>
  <datafield tag="410" ind1="2" ind2=" ">
    <subfield code="a">CHP</subfield>
  </datafield>
  <datafield tag="670" ind1=" " ind2=" ">
    <subfield code="a">Walter Miles and his 1920 grand tour of European physiology and psychology laboratories, 2010:</subfield>
    <subfield code="b">p. vii (Center for the History of Psychology at the Univ. of Akron)</subfield>
  </datafield>
  <datafield tag="670" ind1=" " ind2=" ">
    <subfield code="a">Center for the History of Psychology WWW homepage, Mar. 1, 2011</subfield>
    <subfield code="b">(Center for the History of Psychology at the Univ. of Akron, Univ. of Akron's new Center for the History of Psychology (CHP))</subfield>
  </datafield>
</record>